@inproceedings{ding2018entity,
  title={Entity-level sentiment analysis of issue comments},
  author={Ding, Jin and Sun, Hailong and Wang, Xu and Liu, Xudong},
  booktitle={Proceedings of the 3rd International Workshop on Emotion Awareness in Software Engineering},
  pages={7--13},
  year={2018}
}

@inproceedings{sweeney2017multi,
  title={Multi-entity sentiment analysis using entity-level feature extraction and word embeddings approach.},
  author={Sweeney, Colm and Padmanabhan, Deepak},
  booktitle={RANLP},
  pages={733--740},
  year={2017}
}

@misc{zitnik2019slovene,
  title={Slovene corpus for aspect-based sentiment analysis - {SentiCoref} 1.0},
  author={{\v Z}itnik, Slavko},
  url={http://hdl.handle.net/11356/1285},
  note={Slovenian language resource repository {CLARIN}.{SI}},
  copyright={Creative Commons - Attribution 4.0 International ({CC} {BY} 4.0)},
  year={2019}
}
